<record xmlns="http://www.loc.gov/MARC21/slim" xmlns:xsi="http://www.w3.org/2001/XMLSchema-instance" xsi:schemaLocation="http://www.loc.gov/MARC21/slim http://www.loc.gov/standards/marcxml/schema/MARC21slim.xsd">

  <leader>00443nam a2200145Ia 4500</leader>
  <datafield ind1=" " tag="999" ind2=" ">
    <subfield code="c">1190</subfield>
    <subfield code="d">1190</subfield>
  </datafield>
  <controlfield tag="008">170504b1971    us ||||| |||| 00| 0 eng d</controlfield>
  <datafield ind2=" " tag="090" ind1=" ">
    <subfield code="a">507 </subfield>
    <subfield code="b">W442s</subfield>
  </datafield>
  <datafield tag="100" ind2=" " ind1="1">
    <subfield code="a">Welch, Wayne W.</subfield>
    <subfield code="9">2696</subfield>
  </datafield>
  <datafield tag="245" ind2="2" ind1="1">
    <subfield code="a">A summary of research in science education for the years of 1968-69 secondary school level</subfield>
  </datafield>
  <datafield tag="260" ind2=" " ind1=" ">
    <subfield code="a">Ohio, Estados Unidos : </subfield>
    <subfield code="b">ERIC, </subfield>
    <subfield code="c">1971</subfield>
  </datafield>
  <datafield ind2=" " tag="300" ind1=" ">
    <subfield code="a">60 páginas</subfield>
  </datafield>
  <datafield ind2="4" tag="650" ind1="1">
    <subfield code="a">CIENCIA</subfield>
    <subfield code="9">890</subfield>
  </datafield>
  <datafield ind1="1" ind2="4" tag="650">
    <subfield code="a">ENSEÑANZA</subfield>
    <subfield code="9">14</subfield>
  </datafield>
  <datafield tag="942" ind2=" " ind1=" ">
    <subfield code="2">z</subfield>
    <subfield code="c">01</subfield>
  </datafield>
</record>